@book{adams1995hitchhiker,
  title={The Hitchhiker's Guide to the Galaxy},
  author={Adams, D.},
  isbn={9781417642595},
  url={http://books.google.com/books?id=W-xMPgAACAAJ},
  year={1995},
  publisher={San Val}
}

@article{Hurst2012,
author = {Hurst, Martin D. and Mudd, Simon M. and Walcott, Rachel and Attal, Mikael and Yoo, Kyungsoo},
doi = {10.1029/2011JF002057},
journal = {Journal of Geophysical Research: Earth Surface},
number = {2},
pages = {F02017},
title = {{Using hilltop curvature to derive the spatial distribution of erosion rates}},
volume = {117},
year = {2012}
}

@article{keller2013numerical,
  title={Numerical modelling of magma dynamics coupled to tectonic deformation of lithosphere and crust},
  author={Keller, Tobias and May, Dave A and Kaus, Boris JP},
  journal={Geophysical Journal International},
  volume={195},
  number={3},
  pages={1406--1442},
  year={2013},
  publisher={Oxford University Press}
}